<?xml version="1.0" encoding="UTF-8"?><collection xmlns="http://www.loc.gov/MARC21/slim"><record><leader>00364nam--2200133-i-4500</leader><controlfield tag="001">000001326</controlfield><controlfield tag="002">20161230</controlfield><controlfield tag="005">20161230201024</controlfield><controlfield tag="008">060222s1000------------r-----000-0-eng-d</controlfield><datafield ind1=" " ind2=" " tag="100"><subfield code="a">Henkler, Otto</subfield></datafield><datafield ind1=" " ind2=" " tag="245"><subfield code="a">Neuzeitliche tragerfrequenztechnik</subfield></datafield><datafield ind1=" " ind2=" " tag="260"><subfield code="a">Berlin, Verlag Technik. 1952. 23 P</subfield></datafield><datafield ind1=" " ind2=" " tag="490"><subfield code="a">Wiss. Berichte.Folge Iii Elektrotechn Heft 4</subfield></datafield><datafield ind1=" " ind2=" " tag="852"><subfield code="a">11670</subfield></datafield></record></collection>